[gd_scene load_steps=13 format=2]

[ext_resource path="res://Assets/logo.png" type="Texture" id=1]
[ext_resource path="res://Scripts/Backtomenu.gd" type="Script" id=2]
[ext_resource path="res://Assets/ruby.png" type="Texture" id=3]
[ext_resource path="res://Assets/CMs8R8F - Imgur.png" type="Texture" id=4]
[ext_resource path="res://Assets/trap.png" type="Texture" id=5]
[ext_resource path="res://Assets/wall.png" type="Texture" id=6]

[sub_resource type="DynamicFontData" id=1]
font_path = "res://Assets/font/Poppins/Poppins-ExtraBold.ttf"

[sub_resource type="DynamicFont" id=2]
size = 20
font_data = SubResource( 1 )

[sub_resource type="DynamicFontData" id=3]
font_path = "res://Assets/font/Poppins/Poppins-Light.ttf"

[sub_resource type="DynamicFont" id=4]
size = 22
font_data = SubResource( 3 )

[sub_resource type="DynamicFontData" id=5]
font_path = "res://Assets/font/Poppins/Poppins-Medium.ttf"

[sub_resource type="DynamicFont" id=6]
size = 20
font_data = SubResource( 5 )

[node name="Control" type="Control"]
anchor_right = 1.0
anchor_bottom = 1.0
rect_pivot_offset = Vector2( 450, 190 )

[node name="TextureRect" type="TextureRect" parent="."]
margin_left = 447.549
margin_top = 23.8002
margin_right = 855.549
margin_bottom = 104.8
texture = ExtResource( 1 )

[node name="Legends" type="LinkButton" parent="."]
margin_left = 8.095
margin_top = 149.442
margin_right = 115.095
margin_bottom = 181.442
custom_fonts/font = SubResource( 2 )
text = "Legends :"
underline = 2

[node name="Story" type="LinkButton" parent="."]
margin_left = 227.703
margin_top = 151.342
margin_right = 334.703
margin_bottom = 183.342
custom_fonts/font = SubResource( 2 )
text = "Story :"
underline = 2

[node name="Back to main menu" type="LinkButton" parent="."]
margin_left = 966.421
margin_top = 522.751
margin_right = 1179.42
margin_bottom = 554.751
custom_fonts/font = SubResource( 2 )
text = "Back to main menu"
script = ExtResource( 2 )

[node name="RichTextLabel" type="RichTextLabel" parent="."]
margin_left = 229.834
margin_top = 188.0
margin_right = 998.834
margin_bottom = 467.0
custom_fonts/normal_font = SubResource( 4 )
text = "In this game player controls a explorer whom trapped in one big maze.Player need to collect 4 gems to open the exit gate while roaming around the maze to also find the exit.The 4 gems spread in the corner of the maze.You need to collect 4 gems before you can exit the game.Becarefull there's alot of trap in this maze! Goodluck Explorer!!"

[node name="ruby" type="Sprite" parent="."]
editor/display_folded = true
position = Vector2( 50.2819, 255.197 )
texture = ExtResource( 3 )

[node name="ruby" type="LinkButton" parent="ruby"]
margin_left = 20.4037
margin_top = -13.0317
margin_right = 84.4037
margin_bottom = 14.9683
custom_fonts/font = SubResource( 6 )
text = "Ruby"
underline = 2

[node name="player" type="Sprite" parent="."]
position = Vector2( 50.6285, 204.01 )
texture = ExtResource( 4 )
vframes = 4
hframes = 4

[node name="player2" type="LinkButton" parent="player"]
margin_left = 19.6922
margin_top = -10.1313
margin_right = 83.6922
margin_bottom = 17.8687
custom_fonts/font = SubResource( 6 )
text = "Player"
underline = 2

[node name="corupted gem" type="Sprite" parent="."]
position = Vector2( 49.7787, 300.93 )
texture = ExtResource( 5 )

[node name="trap" type="LinkButton" parent="corupted gem"]
margin_left = 20.3687
margin_top = -13.4536
margin_right = 84.3687
margin_bottom = 14.5464
custom_fonts/font = SubResource( 6 )
text = "Trap"
underline = 2

[node name="wall" type="Sprite" parent="."]
position = Vector2( 47.2419, 360.839 )
rotation = 1.58137
texture = ExtResource( 6 )

[node name="wall" type="LinkButton" parent="wall"]
margin_left = -13.5249
margin_top = -20.6688
margin_right = 50.4751
margin_bottom = 7.33121
rect_rotation = -91.6659
custom_fonts/font = SubResource( 6 )
text = "Wall"
underline = 2
[connection signal="pressed" from="Back to main menu" to="Back to main menu" method="_on_Back_to_main_menu_pressed"]
